%% This BibTeX bibliography file was created using BibDesk.
%% http://bibdesk.sourceforge.net/

%% Created for Hunter at 2020-05-05 10:35:38 +0800 


%% Saved with string encoding Unicode (UTF-8) 



@techreport{hardt2012oauth,
	Author = {Hardt, Dick},
	Date-Added = {2020-05-05 10:35:30 +0800},
	Date-Modified = {2020-05-05 10:35:30 +0800},
	Title = {The OAuth 2.0 authorization framework},
	Year = {2012},
	Bdsk-File-1 = {YnBsaXN0MDDSAQIDBFxyZWxhdGl2ZVBhdGhZYWxpYXNEYXRhXxBPLi4vLi4vLi4vLi4vcGFwZXJSZWFkaW5nLzIwMTIgcmZjNjc0OSBUaGUgT0F1dGggMi4wIEF1dGhvcml6YXRpb24gRnJhbWV3b3JrLnBkZk8RAgQAAAAAAgQAAgAADE1hY2ludG9zaCBIRAAAAAAAAAAAAAAAAAAAAAAAAABCRAAB/////x8yMDEyIHJmYzY3NDkgVGhlIE8jRkZGRkZGRkYucGRmAAAAAAAAAAAAAAAAAAAAAAAAAAAAAAAAAAAAAAAAAAD/////AAAAAAAAAAAAAAAAAAQAAgAACiBjdQAAAAAAAAAAAAAAAAAMcGFwZXJSZWFkaW5nAAIAXC86VXNlcnM6aHVudGVyOkRvY3VtZW50czpwYXBlclJlYWRpbmc6MjAxMiByZmM2NzQ5IFRoZSBPQXV0aCAyLjAgQXV0aG9yaXphdGlvbiBGcmFtZXdvcmsucGRmAA4AbgA2ADIAMAAxADIAIAByAGYAYwA2ADcANAA5ACAAVABoAGUAIABPAEEAdQB0AGgAIAAyAC4AMAAgAEEAdQB0AGgAbwByAGkAegBhAHQAaQBvAG4AIABGAHIAYQBtAGUAdwBvAHIAawAuAHAAZABmAA8AGgAMAE0AYQBjAGkAbgB0AG8AcwBoACAASABEABIAWlVzZXJzL2h1bnRlci9Eb2N1bWVudHMvcGFwZXJSZWFkaW5nLzIwMTIgcmZjNjc0OSBUaGUgT0F1dGggMi4wIEF1dGhvcml6YXRpb24gRnJhbWV3b3JrLnBkZgATAAEvAAAVAAIADf//AAAACAANABoAJAB2AAAAAAAAAgEAAAAAAAAABQAAAAAAAAAAAAAAAAAAAn4=}}

@inproceedings{osborn1997mandatory,
	Author = {Osborn, Sylvia},
	Booktitle = {Proceedings of the second ACM workshop on Role-based access control},
	Date-Added = {2020-04-16 17:54:36 +0800},
	Date-Modified = {2020-04-16 17:54:36 +0800},
	Pages = {31--40},
	Title = {Mandatory access control and role-based access control revisited},
	Year = {1997}}

@article{nakamoto2008bitcoin,
	Author = {Nakamoto, Satoshi},
	Date-Added = {2020-04-16 17:50:48 +0800},
	Date-Modified = {2020-04-16 17:50:48 +0800},
	Publisher = {Working Paper},
	Title = {Bitcoin: A peer-to-peer electronic cash system},
	Year = {2008},
	Bdsk-File-1 = {YnBsaXN0MDDSAQIDBFxyZWxhdGl2ZVBhdGhZYWxpYXNEYXRhXxBQLi4vLi4vLi4vLi4vcGFwZXJSZWFkaW5nLzIwMDggQml0Y29pbi0gQSBQZWVyLXRvLVBlZXIgRWxlY3Ryb25pYyBDYXNoIFN5c3RlbS5wZGZPEQIKAAAAAAIKAAIAAAxNYWNpbnRvc2ggSEQAAAAAAAAAAAAAAAAAAAAAAAAAQkQAAf////8fMjAwOCBCaXRjb2luLSBBIFBlI0ZGRkZGRkZGLnBkZgAAAAAAAAAAAAAAAAAAAAAAAAAAAAAAAAAAAAAAAAAA/////wAAAAAAAAAAAAAAAAAEAAIAAAogY3UAAAAAAAAAAAAAAAAADHBhcGVyUmVhZGluZwACAF0vOlVzZXJzOmh1bnRlcjpEb2N1bWVudHM6cGFwZXJSZWFkaW5nOjIwMDggQml0Y29pbi0gQSBQZWVyLXRvLVBlZXIgRWxlY3Ryb25pYyBDYXNoIFN5c3RlbS5wZGYAAA4AcAA3ADIAMAAwADgAIABCAGkAdABjAG8AaQBuAC0AIABBACAAUABlAGUAcgAtAHQAbwAtAFAAZQBlAHIAIABFAGwAZQBjAHQAcgBvAG4AaQBjACAAQwBhAHMAaAAgAFMAeQBzAHQAZQBtAC4AcABkAGYADwAaAAwATQBhAGMAaQBuAHQAbwBzAGgAIABIAEQAEgBbVXNlcnMvaHVudGVyL0RvY3VtZW50cy9wYXBlclJlYWRpbmcvMjAwOCBCaXRjb2luLSBBIFBlZXItdG8tUGVlciBFbGVjdHJvbmljIENhc2ggU3lzdGVtLnBkZgAAEwABLwAAFQACAA3//wAAAAgADQAaACQAdwAAAAAAAAIBAAAAAAAAAAUAAAAAAAAAAAAAAAAAAAKF}}
